@article{goodfellow2014explaining,
  title={Explaining and harnessing adversarial examples},
  author={Goodfellow, Ian J and Shlens, Jonathon and Szegedy, Christian},
  journal={arXiv preprint arXiv:1412.6572},
  year={2014}
}

@inproceedings{cisse2017parseval,
  title={Parseval networks: Improving robustness to adversarial examples},
  author={Cisse, Moustapha and Bojanowski, Piotr and Grave, Edouard and Dauphin, Yann and Usunier, Nicolas},
  booktitle={Proceedings of the 34th International Conference on Machine Learning-Volume 70},
  pages={854--863},
  year={2017},
  organization={JMLR. org}
}

@article{szegedy2013intriguing,
  title={Intriguing properties of neural networks},
  author={Szegedy, Christian and Zaremba, Wojciech and Sutskever, Ilya and Bruna, Joan and Erhan, Dumitru and Goodfellow, Ian and Fergus, Rob},
  journal={arXiv preprint arXiv:1312.6199},
  year={2013}
}

@inproceedings{nguyen2015deep,
  title={Deep neural networks are easily fooled: High confidence predictions for unrecognizable images},
  author={Nguyen, Anh and Yosinski, Jason and Clune, Jeff},
  booktitle={Proceedings of the IEEE conference on computer vision and pattern recognition},
  pages={427--436},
  year={2015}
}

@inproceedings{papernot2016distillation,
  title={Distillation as a defense to adversarial perturbations against deep neural networks},
  author={Papernot, Nicolas and McDaniel, Patrick and Wu, Xi and Jha, Somesh and Swami, Ananthram},
  booktitle={2016 IEEE Symposium on Security and Privacy (SP)},
  pages={582--597},
  year={2016},
  organization={IEEE}
}

@inproceedings{duchi2008efficient,
  title={Efficient projections onto the l 1-ball for learning in high dimensions},
  author={Duchi, John and Shalev-Shwartz, Shai and Singer, Yoram and Chandra, Tushar},
  booktitle={Proceedings of the 25th international conference on Machine learning},
  pages={272--279},
  year={2008},
  organization={ACM}
}

@article{gu2014towards,
  title={Towards deep neural network architectures robust to adversarial examples},
  author={Gu, Shixiang and Rigazio, Luca},
  journal={arXiv preprint arXiv:1412.5068},
  year={2014}
}

@inproceedings{denton2014exploiting,
  title={Exploiting linear structure within convolutional networks for efficient evaluation},
  author={Denton, Emily L and Zaremba, Wojciech and Bruna, Joan and LeCun, Yann and Fergus, Rob},
  booktitle={Advances in neural information processing systems},
  pages={1269--1277},
  year={2014}
}

@article{kovavcevic2008introduction,
  title={An introduction to frames},
  author={Kova{\v{c}}evi{\'c}, Jelena and Chebira, Amina and others},
  journal={Foundations and Trends{\textregistered} in Signal Processing},
  volume={2},
  number={1},
  pages={1--94},
  year={2008},
  publisher={Now Publishers, Inc.}
}

@article{fawzi2018analysis,
  title={Analysis of classifiersâ€™ robustness to adversarial perturbations},
  author={Fawzi, Alhussein and Fawzi, Omar and Frossard, Pascal},
  journal={Machine Learning},
  volume={107},
  number={3},
  pages={481--508},
  year={2018},
  publisher={Springer}
}
